<?xml version="1.0" encoding="UTF-8"?><collection xmlns="http://www.loc.gov/MARC21/slim"><record><leader>00487nam--2200169-i-4500</leader><controlfield tag="001">000000280</controlfield><controlfield tag="002">20161230</controlfield><controlfield tag="005">20161230201024</controlfield><controlfield tag="008">060222s1000------------r-----000-0-eng-d</controlfield><datafield ind1=" " ind2=" " tag="040"><subfield code="a">IFIN-HH</subfield></datafield><datafield ind1=" " ind2=" " tag="080"><subfield code="a">539(083)</subfield></datafield><datafield ind1="1" ind2=" " tag="100"><subfield code="a">Ramanna, R</subfield></datafield><datafield ind1=" " ind2=" " tag="245"><subfield code="a">Proceedings of the nuclear physics symposium 1962</subfield><subfield code="b">Madras february 28-march 2, 1962</subfield><subfield code="c">R. ramanna (ed.)</subfield></datafield><datafield ind1=" " ind2=" " tag="260"><subfield code="a">Madras</subfield><subfield code="b">Department Of Atomic Energy</subfield><subfield code="c">1962</subfield></datafield><datafield ind1=" " ind2=" " tag="300"><subfield code="a">431P</subfield></datafield><datafield ind1=" " ind2=" " tag="852"><subfield code="a">18750</subfield><subfield code="c">539</subfield></datafield><datafield ind1=" " ind2=" " tag="CAT"><subfield code="a">Sys</subfield><subfield code="c">20110927</subfield><subfield code="h">152721</subfield></datafield></record></collection>